@misc{ledger-spec,
  label =  {SL-D5},
  author = {IOHK Formal Methods Team},
  title  = {A Formal Specification of the Cardano Ledger, IOHK Deliverable SL-D5},
  year   = {2019},
  url   = {https://github.com/input-output-hk/cardano-ledger-specs/tree/master/shelley/chain-and-ledger/formal-spec},
}

@misc{obft-paper,
  label = {OBFT-18},
  author = {Aggelos Kiayias and Alexander Russell},
  title = {Ouroboros-BFT: A Simple Byzantine Fault Tolerant Consensus Protocol},
  year = {2018},
  url = {https://eprint.iacr.org/2018/1049.pdf},
}

@misc{chkp-paper,
  label = {CHKP-19},
  author = {Dimitris Karakostas and Aggelos Kiayias},
  title = {Securing Proof-of-Work Ledgers via Checkpointing},
  year = {2019},
  url = {https://dimkarakostas.com/checkpointed_blockchains.pdf},
}